% Encoding: UTF-8

@INPROCEEDINGS{
    trust_formal_Gai_et_al,  
    author={Gai, Xinmao and Li, Yong and Chen, Yasha and Shen, Changxiang},  
    booktitle={2010 7th International Conference on Ubiquitous Intelligence   Computing and 7th International Conference on Autonomic   Trusted Computing},   
    title={Formal Definitions for Trust in Trusted Computing},   
    year={2010},  
    volume={},  
    number={},  
    pages={305-310},  
    doi={10.1109/UIC-ATC.2010.77},
    urldate = {2022-04-27},
}

@TechReport{tcg_tpm1.2_sha-1_uses,
    author = "Kenneth, Goldman and Potter, Stan",
    title = "SHA-1 Uses in TPM v1.2",
    year = "2010",
    month = "4",
    institution = "Trusted Computing Group",
    url = "https://trustedcomputinggroup.org/wp-content/uploads/SHA1-Impact_V2.0.pdf",
    urldate = {2022-04-27},
}

@TechReport{tcg_tpm2_briefintro,
    author = "TCG",
    title = "Trusted Platform Module 2.0: A Brief Introduction",
    year = "2019",
    month = "6",
    institution = "Trusted Computing Group",
    url = "https://trustedcomputinggroup.org/wp-content/uploads/2019_TCG_TPM2_BriefOverview_DR02web.pdf",
    urldate = {2022-04-27},
}

@TechReport{tcg_tpm2_pcspec,
    author = "TCG",
    title = "TCG PC Client Platform Firmware Profile Specification",
    year = "2021",
    month = "5",
    institution = "Trusted Computing Group",
    url = "https://trustedcomputinggroup.org/wp-content/uploads/TCG_PCClient_PFP_r1p05_v23_pub.pdf",
    urldate = {2022-04-29},
}

@Inbook{arthur2015practical,
    author="Arthur, Will
    and Challener, David
    and Goldman, Kenneth",
    title="History of the TPM",
    bookTitle="A Practical Guide to TPM 2.0: Using the New Trusted Platform Module in the New Age of Security",
    year="2015",
    publisher="Apress",
    address="Berkeley, CA",
    isbn="978-1-4302-6584-9",
    doi="10.1007/978-1-4302-6584-9_1",
    url="https://doi.org/10.1007/978-1-4302-6584-9_1",
    urldate = {2022-04-27},
}


@TechReport{tcg_arch_overview,
    author = "TCG",
    title = "TCG Specification Architecture Overview",
    year = "2007",
    month = "aug",
    number = "Revision 1.4",
    institution = "Trusted Computing Group",
    url = "https://trustedcomputinggroup.org/wp-content/uploads/TCG_1_4_Architecture_Overview.pdf",
    urldate = {2022-04-27},
}

@TechReport{tcg_p1_architecture,
    author = "TCG",
    title = "Trusted Platform Module Library Part 1: Architecture",
    year = "2019",
    month = "nov",
    number = "Level 00 Revision 01.59",
    institution = "Trusted Computing Group",
    url = "https://trustedcomputinggroup.org/wp-content/uploads/TCG_TPM2_r1p59_Part1_Architecture_pub.pdf",
    urldate = {2022-04-27},
}

@TechReport{tcg_p2_structures,
    author = "TCG",
    title = "Trusted Platform Module Library Part 2: Structures",
    year = "2019",
    month = "11",
    number = "Level 00 Revision 01.59",
    institution = "Trusted Computing Group",
    url = "https://trustedcomputinggroup.org/wp-content/uploads/TCG_TPM2_r1p59_Part2_Structures_pub.pdf",
    urldate = {2022-04-27},
}


@TechReport{tcg_p3_commands,
    author = "TCG",
    title = "Trusted Platform Module Library Part 3: Commands",
    year = "2019",
    month = "11",
    number = "Level 00 Revision 01.59",
    institution = "Trusted Computing Group",
    url = "https://trustedcomputinggroup.org/wp-content/uploads/TCG_TPM2_r1p59_Part3_Commands_pub.pdf",
   urldate = {2022-04-27},
}


@TechReport{tcg_p4_supproutines,
    author = "TCG",
    title = "Trusted Platform Module Library Part 4: Supporting Routines",
    year = "2019",
    month = "11",
    number = "Level 00 Revision 01.59",
    institution = "Trusted Computing Group",
    url = "https://trustedcomputinggroup.org/wp-content/uploads/TCG_TPM2_r1p59_Part4_SuppRoutines_pub.pdf",
    urldate = {2022-04-27},
}

@TechReport{tcg_1.2_design_princ,
    author = "TCG",
    title = "TPM Main Part 1 Design Principles",
    year = "2011",
    month = "3",
    number = "Specification Version 1.2 Revision 116",
    institution = "Trusted Computing Group",
    url = "https://trustedcomputinggroup.org/wp-content/uploads/TPM-Main-Part-1-Design-Principles_v1.2_rev116_01032011.pdf",
    urldate = {2022-04-27},
}


@MastersThesis{Struk2019thesis,
    author = "Struk, Šimonb",
    title = "A tool for analysis of supported cryptographic properties of TPM 2.0 chips ",
    year = "2019",
    type = "Master's thesis",
    school = "Masaryk University, Faculty of Informatics, Brno",
    note = "SUPERVISOR : Petr Švenda",
    url = "https://is.muni.cz/th/t17rl/",
    urldate = {2022-04-27},
}

@inproceedings{wang2005findingShaBroken,
  title={Finding collisions in the full SHA-1},
  author={Wang, Xiaoyun and Yin, Yiqun Lisa and Yu, Hongbo},
  booktitle={Annual international cryptology conference},
  pages={17--36},
  year={2005},
  organization={Springer}
}

@inproceedings{rijmen2005update,
  title={Update on SHA-1},
  author={Rijmen, Vincent and Oswald, Elisabeth},
  booktitle={Cryptographers’ Track at the RSA Conference},
  pages={58--71},
  year={2005},
  organization={Springer}
}

@MastersThesis{Sedivcova2021thesis,
    author = "Šedivcová, Nikola",
    title = "Use of Platform Configuration Registers to control cryptographic material ",
    year = "2021",
    type = "Master's thesis",
    school = "Masarykova univerzita, Fakulta informatiky, Brno",
    note = "SUPERVISOR : Petr Švenda",
    url = "https://is.muni.cz/th/usy25/",
    urldate = {2022-04-27},
}

@misc{rfc4180,
	series =	{Request for Comments},
	number =	4180,
	howpublished =	{RFC 4180},
	publisher =	{RFC Editor},
	doi =		{10.17487/RFC4180},
	url =		{https://www.rfc-editor.org/info/rfc4180},
    urldate = {2022-04-27},
    author =	{Yakov Shafranovich},
	title =		{{Common Format and MIME Type for Comma-Separated Values (CSV) Files}},
	pagetotal =	8,
	year =		2005,
	month =		oct,
	abstract =	{This RFC documents the format used for Comma-Separated Values (CSV) files and registers the associated MIME type "text/csv". This memo provides information for the Internet community.},
}

@book{mitchell2005trusted,
  title={Trusted Computing},
  author={Mitchell, C. and Institution of Electrical Engineers},
  isbn={9780863415258},
  lccn={2006283945},
  series={Computing and Networks},
  year={2005},
  publisher={Institution of Engineering and Technology}
}

@Inbook{Tomlinson2017,
  author="Tomlinson, Allan",
  editor="Mayes, Keith
  and Markantonakis, Konstantinos",
  title="Introduction to the TPM",
  bookTitle="Smart Cards, Tokens, Security and Applications",
  year="2017",
  publisher="Springer International Publishing",
  address="Cham",
  isbn="978-3-319-50500-8",
  doi="10.1007/978-3-319-50500-8_7",
  url="https://doi.org/10.1007/978-3-319-50500-8_7",
  urldate = {2022-04-27}
}

@article{schoen2003trusted,
  title={Trusted computing: Promise and risk},
  author={Schoen, Seth},
  journal={Electronic Frontier Foundation},
  volume={16},
  year={2003}
}

@inproceedings{chen2013flexible,
  title={Flexible and scalable digital signatures in TPM 2.0},
  author={Chen, Liqun and Li, Jiangtao},
  booktitle={Proceedings of the 2013 ACM SIGSAC conference on Computer \& communications security},
  pages={37--48},
  year={2013}
}

@inproceedings{damgaard1998commitment,
  title={Commitment schemes and zero-knowledge protocols},
  author={Damg{\aa}rd, Ivan},
  booktitle={School organized by the European Educational Forum},
  pages={63--86},
  year={1998},
  organization={Springer}
}

@inproceedings{daaSpec,
author = {Brickell, Ernie and Camenisch, Jan and Chen, Liqun},
title = {Direct Anonymous Attestation},
year = {2004},
isbn = {1581139616},
publisher = {Association for Computing Machinery},
address = {New York, NY, USA},
url = {https://doi.org/10.1145/1030083.1030103},
urldate = {2022-04-27},
doi = {10.1145/1030083.1030103},
booktitle = {Proceedings of the 11th ACM Conference on Computer and Communications Security},
pages = {132–145},
numpages = {14},
keywords = {anonymous credential systems, trusted computing, privacy, integrity based computing, cryptographic protocols},
location = {Washington DC, USA},
series = {CCS '04}
}

@inproceedings{daaDesignAndImple,
author = {Chen, Liqun and Page, Dan and Smart, Nigel},
year = {2010},
month = {11},
pages = {223-237},
title = {On the Design and Implementation of an Efficient DAA Scheme},
isbn = {978-3-642-12509-6},
doi = {10.1007/978-3-642-12510-2_16},
urldate = {2022-04-27},
}

@article{uproveSpec,
  title={U-prove cryptographic specification v1. 1},
  author={Paquin, Christian and Zaverucha, Greg},
  journal={Technical Report, Microsoft Corporation},
  year={2011}
}

@article{schnorrSpec,
  title={Efficient signature generation by smart cards},
  author={Schnorr, Claus-Peter},
  journal={Journal of cryptology},
  volume={4},
  number={3},
  pages={161--174},
  year={1991},
  publisher={Springer}
}

@inproceedings{kumar2018direct,
  title={Direct anonymous attestation with efficient verifier-local revocation for subscription system},
  author={Kumar, Vireshwar and Li, He and Luther, Noah and Asokan, Pranav and Park, Jung-Min and Bian, Kaigui and Weiss, Martin BH and Znati, Taieb},
  booktitle={Proceedings of the 2018 on Asia Conference on Computer and Communications Security},
  pages={567--574},
  year={2018}
}

@inproceedings{wesemeyerDAA,
author = {Wesemeyer, Stephan and Newton, Christopher J.P. and Treharne, Helen and Chen, Liqun and Sasse, Ralf and Whitefield, Jorden},
title = {Formal Analysis and Implementation of a TPM 2.0-Based Direct Anonymous Attestation Scheme},
year = {2020},
isbn = {9781450367509},
publisher = {Association for Computing Machinery},
address = {New York, NY, USA},
url = {https://doi.org/10.1145/3320269.3372197},
urldate = {2022-04-27},
doi = {10.1145/3320269.3372197},
booktitle = {Proceedings of the 15th ACM Asia Conference on Computer and Communications Security},
pages = {784–798},
numpages = {15},
keywords = {DAA, TPM, formal verification, Tamarin, security protocols},
location = {Taipei, Taiwan},
series = {ASIA CCS '20}
}

@inproceedings{meier2013tamarin,
  title={The TAMARIN prover for the symbolic analysis of security protocols},
  author={Meier, Simon and Schmidt, Benedikt and Cremers, Cas and Basin, David},
  booktitle={International conference on computer aided verification},
  pages={696--701},
  year={2013},
  organization={Springer}
}

@InProceedings{wagnerRemoteAttProtocol,
author="Wagner, Paul Georg
and Birnstill, Pascal
and Beyerer, J{\"u}rgen",
editor="Markantonakis, Kostantinos
and Petrocchi, Marinella",
title="Establishing Secure Communication Channels Using Remote Attestation with TPM 2.0",
booktitle="Security and Trust Management",
year="2020",
publisher="Springer International Publishing",
address="Cham",
pages="73--89",
isbn="978-3-030-59817-4"
}

@inproceedings{hedabou2020efficient,
  title={Efficient and secure implementation of BLS multisignature scheme on TPM},
  author={Hedabou, Mustapha and Abdulsalam, Yunusa Simpa},
  booktitle={2020 IEEE International Conference on Intelligence and Security Informatics (ISI)},
  pages={1--6},
  year={2020},
  organization={IEEE}
}

@inproceedings{blsSignatures,
  title={Short signatures from the Weil pairing},
  author={Boneh, Dan and Lynn, Ben and Shacham, Hovav},
  booktitle={International conference on the theory and application of cryptology and information security},
  pages={514--532},
  year={2001},
  organization={Springer}
}

@inproceedings{liu2003digital,
  title={Digital rights management for content distribution},
  author={Liu, Qiong and Safavi-Naini, Reihaneh and Sheppard, Nicholas Paul},
  booktitle={Proceedings of the Australasian information security workshop conference on ACSW frontiers 2003-Volume 21},
  pages={49--58},
  year={2003},
  organization={Citeseer}
}

@inproceedings{anderson2003cryptography,
  title={Cryptography and competition policy: issues with'trusted computing'},
  author={Anderson, Ross},
  booktitle={Proceedings of the twenty-second annual symposium on Principles of distributed computing},
  pages={3--10},
  year={2003}
}

@online{stallman2002treacherous,
  author = {Stallman, Richard},
  title = {Can you trust your computer?},
  year = {2002},
  url = {https://www.gnu.org/philosophy/can-you-trust.html},
  urldate = {2022-04-27}
}

@inproceedings{yu2009tbdrm,
  title={Tbdrm: A tpm-based secure drm architecture},
  author={Yu, Aimin and Feng, Dengguo and Liu, Ren},
  booktitle={2009 International Conference on Computational Science and Engineering},
  volume={2},
  pages={671--677},
  year={2009},
  organization={IEEE}
}

@online{bitlockerMDocs,
  author = {Microsoft },
  title = {Bitlocker - Microsoft Docs},
  year = 1999,
  url = {https://docs.microsoft.com/en-us/windows/security/information-protection/bitlocker/bitlocker-overview},
  urldate = {2022-04-27}
}

@book{andersonSecEng,
author = {Anderson, Ross J.},
title = {Security Engineering: A Guide to Building Dependable Distributed Systems},
year = {2008},
isbn = {9780470068526},
publisher = {Wiley Publishing},
edition = {2},
}

@article{arfaoui2021deepAttestation,
  title={A cryptographic view of deep-attestation, or how to do provably-secure layer-linking},
  author={Arfaoui, Ghada and Fouque, Pierre-Alain and Jacques, Thibaut and Lafourcade, Pascal and Nedelcu, Adina and Onete, Cristina and Robert, L{\'e}o},
  journal={Cryptology ePrint Archive},
  year={2021}
}

@inproceedings{shao2015formal,
  title={Formal analysis of enhanced authorization in the TPM 2.0},
  author={Shao, Jianxiong and Qin, Yu and Feng, Dengguo and Wang, Weijin},
  booktitle={Proceedings of the 10th ACM Symposium on Information, Computer and Communications Security},
  pages={273--284},
  year={2015}
}

@inproceedings {han2018sleep,
author = {Seunghun Han and Wook Shin and Jun-Hyeok Park and HyoungChun Kim},
title = {A Bad Dream: Subverting Trusted Platform Module While You Are Sleeping},
booktitle = {27th USENIX Security Symposium (USENIX Security 18)},
year = {2018},
isbn = {978-1-939133-04-5},
address = {Baltimore, MD},
pages = {1229--1246},
url = {https://www.usenix.org/conference/usenixsecurity18/presentation/han},
publisher = {USENIX Association},
month = aug,
}

@inproceedings {moghimi2020fail,
author = {Daniel Moghimi and Berk Sunar and Thomas Eisenbarth and Nadia Heninger},
title = {{TPM-FAIL}: {TPM} meets Timing and Lattice Attacks},
booktitle = {29th USENIX Security Symposium (USENIX Security 20)},
year = {2020},
isbn = {978-1-939133-17-5},
pages = {2057--2073},
url = {https://www.usenix.org/conference/usenixsecurity20/presentation/moghimi-tpm},
publisher = {USENIX Association},
month = aug,
}

@inproceedings{2017-ccs-nemec,
  Author        = {Matus Nemec and Marek Sys and Petr Svenda and Dusan Klinec and Vashek Matyas},
  Title         = {{The Return of Coppersmith's Attack: Practical Factorization of Widely Used RSA Moduli}},
  BookTitle     = {24th ACM Conference on Computer and Communications Security (CCS'2017)},
  Year          = {2017},
  ISBN          = {978-1-4503-4946-8/17/10},
  Publisher     = {ACM},
  Pages         = {1631-1648}
}

 @inproceedings{svenda-1mrsa_usenix2016,
author = {Petr Svenda and Matus Nemec and Peter Sekan and Rudolf Kvasnovsky and David Formanek and David Komarek and Vashek Matyas},
title = {The {Million-Key} {Question{\textemdash}Investigating} the Origins of {RSA} Public Keys},
booktitle = {25th USENIX Security Symposium (USENIX Security 16)},
year = {2016},
isbn = {978-1-931971-32-4},
address = {Austin, TX},
pages = {893--910},
url = {https://www.usenix.org/conference/usenixsecurity16/technical-sessions/presentation/svenda},
publisher = {USENIX Association},
month = aug,
urldate={2022-05-05}
 }
 
 @MastersThesis{Nemec2016thesis,
AUTHOR = "Nemec, Matúš",
TITLE = "The properties of RSA key generation process in software libraries ",
YEAR = "2016",
TYPE = "Master's thesis",
SCHOOL = "Masarykova univerzita, Fakulta informatiky, Brno",
NOTE = "SUPERVISOR : Petr Švenda",
URL = "https://is.muni.cz/th/oba30/",
urldate={2022-05-05}
}

@thesis{Kvasnovsky2016thesis,
AUTHOR = "Kvašňovský, Rudolf",
TITLE = "The detailed performance analysis of JavaCard cryptographic smartcards ",
YEAR = "2016",
TYPE = "Bachelor's thesis",
SCHOOL = "Masarykova univerzita, Fakulta informatiky, Brno",
NOTE = "SUPERVISOR : Petr Švenda",
URL = "https://is.muni.cz/th/g4c58/",
urldate={2022-05-08}
}

@thesis{Nagy2019thesis,
AUTHOR = "Nagy, Imrich",
TITLE = "Smartcard similarity analysis using cryptographic operations performance ",
YEAR = "2019",
TYPE = "Bachelor's thesis",
SCHOOL = "Masarykova univerzita, Fakulta informatiky, Brno",
NOTE = "SUPERVISOR : Petr Švenda",
URL = "https://is.muni.cz/th/hhau2/",
urldate={2022-05-08}
}

@thesis{Zatovic2020thesis,
AUTHOR = "Zaťovič, Daniel",
TITLE = "Systematic collection of TPM 2.0 chips attributes on Linux ",
YEAR = "2020",
TYPE = "Bachelor's thesis",
SCHOOL = "Masarykova univerzita, Fakulta informatiky, Brno",
NOTE = "SUPERVISOR : Milan Brož",
URL = "https://is.muni.cz/th/bplt1/",
urldate={2022-05-09}
}

@MastersThesis{Doslik2021thesis,
AUTHOR = "Došlík, Tomáš",
TITLE = "Trusted Computing and its support via TPM cryptographic modules ",
YEAR = "2021",
TYPE = "Master's Thesis",
SCHOOL = "Masarykova univerzita, Fakulta informatiky, Brno",
NOTE = "SUPERVISOR : Petr Švenda",
URL = "https://is.muni.cz/th/sajsn/",
urldate={2022-05-09}
}

@inproceedings{chenPrivacyCA,
author = {Chen, Liqun and Lee, Ming-Feng and Warinschi, Bogdan},
year = {2012},
month = {01},
pages = {},
title = {Security of the Enhanced TCG Privacy-CA Solution},
volume = {7173},
isbn = {978-3-642-30064-6},
doi = {10.1007/978-3-642-30065-3_8}
}

@INPROCEEDINGS{5211013,
  author={Abbadi, Imad M. and Alawneh, Muntaha},
  booktitle={2009 Third International Conference on Emerging Security Information, Systems and Technologies}, 
  title={Replay Attack of Dynamic Rights within an Authorised Domain}, 
  year={2009},
  volume={},
  number={},
  pages={148-154},
  doi={10.1109/SECURWARE.2009.30}}
  
  @online{yubicoDEV,
  author = {Yubico},
  title = {YubiKey Software Development Toolkits},
  url = {https://developers.yubico.com/},
  urldate = {2022-05-15}
}

  @online{ledgerDEV,
  author = {Ledger},
  title = {Integrating with Ledger},
  url = {https://developers.ledger.com/},
  urldate = {2022-05-15}
}

  @online{trezorDEV,
  author = {Trezor},
  title = {Developers guide},
  url = {https://wiki.trezor.io/Developers_guide},
  urldate = {2022-05-15}
}


@Comment{jabref-meta: databaseType:bibtex;}
"
